@article{jacobs1991adaptive,
  title={Adaptive mixtures of local experts},
  author={Jacobs, Robert A and Jordan, Michael I and Nowlan, Steven J and Hinton, Geoffrey E},
  journal={Neural computation},
  volume={3},
  number={1},
  pages={79--87},
  year={1991},
  publisher={MIT Press}
}

@article{gorman1988analysis,
  title={Analysis of hidden units in a layered network trained to classify sonar targets},
  author={Gorman, R Paul and Sejnowski, Terrence J},
  journal={Neural networks},
  volume={1},
  number={1},
  pages={75--89},
  year={1988},
  publisher={Elsevier}
}